<?xml version="1.0" encoding="UTF-8"?><record xmlns="http://www.loc.gov/MARC21/slim" xmlns:cinclude="http://apache.org/cocoon/include/1.0" xmlns:zs="http://www.loc.gov/zing/srw/">
  <leader>00463nz  a2200133n  4500</leader>
  <controlfield tag="001">n 2013205385</controlfield>
  <controlfield tag="003">DLC</controlfield>
  <controlfield tag="005">20130820065616.0</controlfield>
  <controlfield tag="008">130820n| azannaabn          |a aaa      </controlfield>
  <datafield tag="010" ind1=" " ind2=" ">
    <subfield code="a">n 2013205385</subfield>
  </datafield>
  <datafield tag="040" ind1=" " ind2=" ">
    <subfield code="a">DLC</subfield>
    <subfield code="b">eng</subfield>
    <subfield code="c">DLC</subfield>
    <subfield code="e">rda</subfield>
  </datafield>
  <datafield tag="100" ind1="1" ind2=" ">
    <subfield code="a">Muʻāviyah, Munīr Aḥmad.</subfield>
    <subfield code="t">Speeches.</subfield>
    <subfield code="k">Selections</subfield>
  </datafield>
  <datafield tag="400" ind1="1" ind2=" ">
    <subfield code="a">Muʻāviyah, Munīr Aḥmad.</subfield>
    <subfield code="t">K̲h̲ut̤bāt-i Munīr fī rifʻat Sirāj Munīr</subfield>
  </datafield>
  <datafield tag="670" ind1=" " ind2=" ">
    <subfield code="a">K̲h̲ut̤bāt-i Munīr fī rifʻat Sirāj Munīr, 2013</subfield>
  </datafield>
</record>